%% This BibTeX bibliography file was created using BibDesk.
%% http://bibdesk.sourceforge.net/

%% Created for Julia Clark at 2017-03-17 12:33:42 +0530
%% Saved with string encoding Unicode (UTF-8)

@article{banerjee2010pitfalls,
	Author = {Banerjee, Abhijit V and Banerji, Rukmini and Duflo, Esther and Glennerster, Rachel and Khemani, Stuti},
	Date-Added = {2015-05-08 17:32:09 +0000},
	Date-Modified = {2015-05-08 17:32:09 +0000},
	Journal = {American Economic Journal: Economic Policy},
	Pages = {1--30},
	Publisher = {JSTOR},
	Title = {Pitfalls of Participatory Programs: Evidence from a randomized evaluation in education in India},
	Year = {2010}}

@book{easterly2001elusive,
		Author = {Easterly, William Russell},
		Date-Added = {2015-01-15 20:12:00 +0000},
		Date-Modified = {2015-01-15 20:13:01 +0000},
		Keywords = {231e, development},
		Publisher = {MIT press},
		Title = {The Elusive Quest for Growth: Economists' Adventures and Misadventures in the Tropics},
		Year = {2001}}


@comment{BibDesk Smart Groups{
<?xml version="1.0" encoding="UTF-8"?>
<!DOCTYPE plist PUBLIC "-//Apple//DTD PLIST 1.0//EN" "http://www.apple.com/DTDs/PropertyList-1.0.dtd">
<plist version="1.0">
<array>
	<dict>
		<key>conditions</key>
		<array>
			<dict>
				<key>comparison</key>
				<integer>0</integer>
				<key>key</key>
				<string>Date-Added</string>
				<key>value</key>
				<string></string>
				<key>version</key>
				<string>1</string>
			</dict>
		</array>
		<key>conjunction</key>
		<integer>0</integer>
		<key>group name</key>
		<string>Added Today</string>
	</dict>
</array>
</plist>
}}
